<?xml version="1.0" encoding="UTF-8"?><collection xmlns="http://www.loc.gov/MARC21/slim"><record><leader>00455nam--2200145-i-4500</leader><controlfield tag="001">000046479</controlfield><controlfield tag="002">20161230</controlfield><controlfield tag="005">20161230201046</controlfield><controlfield tag="008">060222s1000------------r-----000-0-eng-d</controlfield><datafield ind1=" " ind2=" " tag="080"><subfield code="a">515.143(043)</subfield></datafield><datafield ind1=" " ind2=" " tag="100"><subfield code="a">Vigue-pjoirrier</subfield></datafield><datafield ind1=" " ind2=" " tag="245"><subfield code="a">Quelques problems d`homotopie retonnelle. etudes des zeros des fonctions holomorphes de la classe de nevanlinna</subfield></datafield><datafield ind1=" " ind2=" " tag="260"><subfield code="a">Lille I, Universite,1978. 115 P</subfield></datafield><datafield ind1=" " ind2=" " tag="852"><subfield code="a">48482</subfield><subfield code="c">515/516</subfield></datafield><datafield ind1=" " ind2=" " tag="CAT"><subfield code="a">Sys</subfield><subfield code="c">20080613</subfield><subfield code="h">100623</subfield></datafield></record></collection>